  @Manual{GRASS_GIS_software,
    title = {Geographic Resources Analysis Support System (GRASS GIS) Software, Version 7.2},
    author = {{GRASS Development Team}},
    organization = {Open Source Geospatial Foundation},
    year = {2017},
    url = {http://grass.osgeo.org},
  }
  
  @article{holmgren1994multiple,
  title={Multiple flow direction algorithms for runoff modelling in grid based elevation models: an empirical evaluation},
  author={Holmgren, Peter},
  journal={Hydrological processes},
  volume={8},
  number={4},
  pages={327--334},
  year={1994},
  publisher={Wiley Online Library}
}

@book{drwal1982wyksztalcenie,
  title={Wykszta{\l}cenie i organizacja sieci hydrograficznej jako podstawa oceny struktury odp{\l}ywu na terenach m{\l}odoglacjalnych},
  author={Drwal, Jan},
  year={1982},
  publisher={Uniwersytet Gda{\'n}ski}
}

@article{jasiewicz2011new,
  title={A new GRASS GIS toolkit for Hortonian analysis of drainage networks},
  author={Jasiewicz, Jaros{\L}aw and Metz, Markus},
  journal={Computers \& Geosciences},
  volume={37},
  number={8},
  pages={1162--1173},
  year={2011},
  publisher={Elsevier}
}


  
  @inproceedings{ehlschlaeger1989using,
  title={Using the A\^{} T search algorithm to develop hydrologic models from digital elevation data},
  author={Ehlschlaeger, Charles R},
  booktitle={Proceedings of the international geographic information system (IGIS) symposium, Baltimore, MD},
  pages={275--281},
  year={1989}
}
  
@misc{nasa2014srtm1sdem,
  author={{NASA LP DAAC}},
  title={SRTM 1 Arc-Second Global},
  year={2000},
  address={NASA EOSDIS Land Processes DAAC, USGS Earth Resources Observation and Science (EROS) Center, Sioux Falls, South Dakota},
  howpublished={\url{https://earthexplorer.usgs.gov/}},
  note={published September 2014, accessed May 2016}
}
@article{bishop1995drainage,
  title={Drainage rearrangement by river capture, beheading and diversion},
  author={Bishop, Paul},
  journal={Progress in physical geography},
  volume={19},
  number={4},
  pages={449--473},
  year={1995},
  publisher={Sage Publications Sage CA: Thousand Oaks, CA}
}
@article{sun2007fast,
  title={Fast and effective feature-preserving mesh denoising},
  author={Sun, Xianfang and Rosin, Paul and Martin, Ralph and Langbein, Frank},
  journal={IEEE Transactions on Visualization \& Computer Graphics},
  number={5},
  pages={925--938},
  year={2007},
  publisher={IEEE}
}

@article{gonzalez2003modelo,
  title={MODELO HIDRODIN{\'A}MICO EN UNA CUENCA DE LANURA TRIBUTARIA DEL R{\'I}O DE LA PLATA (BUENOS AIRES, ARGENTINA)},
  author={GONZ{\'A}LEZ, Nilda and TROVATTO, Mar{\'\i}a Marta and HERN{\'A}NDEZ, Mario A},
  journal={Hidrogeologia},
  volume={3},
  year={2003}
}


@article{senciales1998analisis,
  title={El an{\'a}lisis morfol{\'o}gico de las cuencas fluviales aplicado al estudio hidrogr{\'a}fico},
  author={Senciales Gonz{\'a}lez, Jos{\'e} Mar{\'\i}a},
  journal={Norba. Revista de geograf{\'\i}a},
  year={1998},
  publisher={Universidad de Extremadura. Servicio de Publicaciones}
}

@article{segura2014conocimiento,
  title={Conocimiento de la din{\'a}mica fluvial como herramienta para la planificaci{\'o}n territorial. Caso r{\'\i}o Volc{\'a}n, Buenos Aires, Puntarenas, Costa Rica},
  author={Segura-Serrano, Laura},
  journal={Revista Tecnolog{\'\i}a en Marcha},
  pages={{\'a}g--12},
  year={2014}
}

@book{pedraza1996geomorfologia,
  title={Geomorfolog{\'\i}a: principios, m{\'e}todos y aplicaciones},
  author={Pedraza Gilsanz, Javier de},
  number={551.4 PED},
  year={1996}
}

@URL {institutonacionalderecursoshidraulicos,
    author   = "Instituto Nacional De Recursos Hidráulicos (INDRHI)",
    series   = "Capa Ozama",
    crossref = "https://indrhi.gob.do/"
}
@article{dominguez2003analisis,
  title={El an{\'a}lisis morfom{\'e}trico con sistemas de informaci{\'o}n geogr{\'a}fica, una herramienta para el manejo de cuencas},
  author={Dom{\'\i}nguez, Fabricio Mariano and Ch, Alberto G{\'o}mez-Tagle and G{\'o}mez-Tagle, Alberto F and Perla, Calle and Metr{\'o}polis, Fraccionamiento Real Hacienda and Tar{\'\i}mbaro, Mich},
  journal={Instituto de investigaciones sobre los recursos naturales. Morelia, M{\'e}xico},
  year={2003}
}

@article{gaspari2013elementos,
  title={Elementos metodol{\'o}gicos para el manejo de cuencas hidrogr{\'a}ficas},
  author={Gaspari, Fernanda and Rodr{\'\i}guez Vagar{\'\i}a, Alfonso and Senisterra, Gabriela and Delgado, Mar{\'\i}a Isabel and Besteiro, Sebasti{\'a}n},
  year={2013},
  publisher={Editorial de la Universidad Nacional de La Plata (EDULP)}
}

@article{arriaga2009regiones,
  title={Regiones prioritarias y planeaci{\'o}n para la conservaci{\'o}n de la biodiversidad},
  author={Arriaga-Cabrera, L and Aguilar, Ver{\'o}nica and Espinoza, J Manuel and Galindo, C and Herrmann, H and Santana, E and Graf-Montero, S and Pisanty, I and Rosenzweig, L},
  journal={Capital natural de M{\'e}xico},
  volume={2},
  pages={433--457},
  year={2009}
}


@article{batlle2019drainage,
  title={Drainage rearrangement as a driver of geomorphological evolution during the Upper Pleistocene in a small tropical basin},
  author={Batlle, Jose Ramon Martinez},
  year={2019},
  publisher={EarthArXiv}
}

@article{williamgutierrez2014,
    author = "William Gutiérrez",
    title  = "Recopilación Documental De Informaciones Relacionadas Con La Cuenca, Calidad De Sus Aguas, El Saneamiento Y Rehabilitación Del Rio Ozama",
    year   = "2014",
    month  = "mar"
}

@online{medioambiente,
    author = "Medio-Ambiente",
    year   = "2012",
    title  = "Ozama",
    url    = "https://ambiente.gob.do/cuencas-hidrograficas/ozama/#:~:text=La%20cuenca%20del%20r%C3%ADo%20Ozama,'27.891%E2%80%B3W%20longitud%20oeste."
}

@ONLINE {joseramonmartinezbatlle2020,
    author = "José Ramón Martínez Batlle",
    title  = "Introducción a R",
    month  = "sep",
    year   = "2020",
    url    = "https://geofis.shinyapps.io/tutorial1/"
}

@software{jose_ramon_martinez_batlle_2021_4425878,
  author       = {José Ramón Martínez Batlle},
  title        = {{geomorfologia-master/unidad-4-asignacion-1 
                   -procesos-fluviales: Let's map}},
  month        = jan,
  year         = 2021,
  publisher    = {Zenodo},
  version      = {v0.0.0.9000},
  doi          = {10.5281/zenodo.4425878},
  url          = {https://doi.org/10.5281/zenodo.4425878}
}

@article{horton1945erosional,
  title={Erosional development of streams and their drainage basins; hydrophysical approach to quantitative morphology},
  author={Horton, Robert E},
  journal={Geological society of America bulletin},
  volume={56},
  number={3},
  pages={275--370},
  year={1945},
  publisher={Geological Society of America}
}

@Manual{bivand2019rgrass7,
    title = {rgrass7: Interface Between GRASS 7 Geographical Information System and R},
    author = {Roger Bivand},
    year = {2019},
    note = {R package version 0.2-1},
    url = {https://CRAN.R-project.org/package=rgrass7},
  }



@URL {daiyamazaki2018,
    author   = "Dai Yamazaki",
    year     = "2018",
    month    = "oct",
    crossref = "http://hydro.iis.u-tokyo.ac.jp/~yamadai/MERIT_DEM/"
}

@book{gutierrez2008geomorfologia,
  title={Geomorfolog{\'\i}a},
  author={Guti{\'e}rrez Elorza, Mateo},
  number={551.4 GUT},
  year={2008}
}